@misc{mit-xv6,
  author = {Class 6.1810, Massachusetts Institute of Technology},
  title = {Lab: Xv6 and Unix utilities},
  url = {https://pdos.csail.mit.edu/6.1810/2024/labs/util.html},
  urldate = {2024-10-10},
  year = {2024}
}

@misc{xargs,
  author = {Wikipedia},
  title = {xargs},
  url = {https://en.wikipedia.org/wiki/Xargs},
  urldate = {2024-10-17},
  year = {}
}

@misc{xargscode,
  author = {Echomo-Xinyu},
  title = {xargs.c},
  url = {https://github.com/Echomo-Xinyu/xv6-2023-mit-labs/blob/util/user/xargs.c},
  urldate = {2024-10-18},
  year = {2023}
}

@misc{primes,
	author = {Russ Cox},
	title = {Bell Labs and CSP Threads},
	url = {https://swtch.com/~rsc/thread/},
	urldate = {2024-10-18},
	year = {}
}